%% This BibTeX bibliography file was created using BibDesk.
%% http://bibdesk.sourceforge.net/


%% Created for Juande Santander Vela at 2013-09-05 16:07:56 -0400 


%% Saved with string encoding Unicode (UTF-8) 


@comment{ Este es el archivo de referencias bibliograficas, que incluye tambien algunos ejemplos de como capturar la informacion de tus referencias. Algunas de las referencias mas comunes son articulos de revista, estos se escriben como se muestra acontinuacion. Nota que los nombres de los autores se separan siempre por la palabra " and ", *incluso* si el documento de tesis esta escrito en espanol. El sistema cambiara ese "and" por el apropiado "y". }



@inproceedings{2012ASPC..461..697S,
	Adsnote = {Provided by the SAO/NASA Astrophysics Data System},
	Adsurl = {http://adsabs.harvard.edu/abs/2012ASPC..461..697S},
	Author = {{Stoehr}, F. and {Leon Tanne}, S. and {Lacy}, M. and {Saito}, M. and {Santander-Vela}, J.},
	Booktitle = {Astronomical Data Analysis Software and Systems XXI},
	Date-Added = {2013-09-05 19:35:12 +0000},
	Date-Modified = {2013-09-05 19:35:12 +0000},
	Editor = {{Ballester}, P. and {Egret}, D. and {Lorente}, N.~P.~F.},
	Month = sep,
	Pages = {697},
	Series = {Astronomical Society of the Pacific Conference Series},
	Title = {{The ALMA Science Archive: Design}},
	Volume = 461,
	Year = 2012}

@inproceedings{2012ASPC..461..435S,
	Adsnote = {Provided by the SAO/NASA Astrophysics Data System},
	Adsurl = {http://adsabs.harvard.edu/abs/2012ASPC..461..435S},
	Author = {{Santander-Vela}, J. and {Bauhofer}, M. and {Meuss}, H. and {Stoehr}, F. and {Manning}, A.},
	Booktitle = {Astronomical Data Analysis Software and Systems XXI},
	Date-Added = {2013-09-05 19:34:39 +0000},
	Date-Modified = {2013-09-05 19:34:39 +0000},
	Editor = {{Ballester}, P. and {Egret}, D. and {Lorente}, N.~P.~F.},
	Month = sep,
	Pages = {435},
	Series = {Astronomical Society of the Pacific Conference Series},
	Title = {{The ALMA Science Archive: Implementation}},
	Volume = 461,
	Year = 2012}

@inproceedings{2009ASPC..404..324E,
	Adsnote = {Provided by the SAO/NASA Astrophysics Data System},
	Adsurl = {http://adsabs.harvard.edu/abs/2009ASPC..404..324E},
	Author = {{Etoka}, S. and {Fuller}, G.~A. and {Wicenec}, A. and {Williams}, S.~J. and {Meuss}, H. and {Hill}, N.},
	Booktitle = {The Eighth Pacific Rim Conference on Stellar Astrophysics: A Tribute to Kam-Ching Leung},
	Date-Added = {2013-09-05 19:33:10 +0000},
	Date-Modified = {2013-09-05 19:33:10 +0000},
	Editor = {{Murphy}, S.~J. and {Bessell}, M.~S.},
	Month = aug,
	Pages = {324},
	Series = {Astronomical Society of the Pacific Conference Series},
	Title = {{A Look at the ALMA Science Archive}},
	Volume = 404,
	Year = 2009}

@techreport{Etoka:2007ad,
	Author = {{Etoka}, Sandra and {Fuller}, Gary and {Wicenec}, Andreas},
	Date-Added = {2013-09-05 19:30:13 +0000},
	Date-Modified = {2013-09-05 19:42:35 +0000},
	Institution = {Atacama Large Millimeter Array},
	Keywords = {ALMA},
	Month = {April},
	Number = {COMP-70.50.00.00-004-A-GEN},
	Title = {{ALMA Science Archive Requirements}},
	Type = {ALMA Project Draft},
	Year = {2007},
	Bdsk-File-1 = {YnBsaXN0MDDUAQIDBAUGJCVYJHZlcnNpb25YJG9iamVjdHNZJGFyY2hpdmVyVCR0b3ASAAGGoKgHCBMUFRYaIVUkbnVsbNMJCgsMDxJXTlMua2V5c1pOUy5vYmplY3RzViRjbGFzc6INDoACgAOiEBGABIAFgAdccmVsYXRpdmVQYXRoWWFsaWFzRGF0YV8QMS4uLy4uL1BhcGVycy9BU0FSZXF1aXJlbWVudFJldmlld19WMl9UcmFja09mZi5wZGbSFwsYGVdOUy5kYXRhTxEB0gAAAAAB0gACAAAHbTUwMHNzZAAAAAAAAAAAAAAAAAAAAAAAAAAAyQIlOUgrAAAAC5EXH0FTQVJlcXVpcmVtZW50UmV2aWV3XyNCOTE5MC5wZGYAAAAAAAAAAAAAAAAAAAAAAAAAAAAAAAAAAAAAAAAAAAALkZDCX300AAAAAAAAAAAAAgACAAAJIAAAAAAAAAAAAAAAAAAAAAZQYXBlcnMAEAAIAADJAk9pAAAAEQAIAADCX7V0AAAAAQAQAAuRFwAJqNwAAye2AALzVgACAEltNTAwc3NkOlVzZXJzOgBqZHNhbnQ6AERvY3VtZW50czoAUGFwZXJzOgBBU0FSZXF1aXJlbWVudFJldmlld18jQjkxOTAucGRmAAAOAEoAJABBAFMAQQBSAGUAcQB1AGkAcgBlAG0AZQBuAHQAUgBlAHYAaQBlAHcAXwBWADIAXwBUAHIAYQBjAGsATwBmAGYALgBwAGQAZgAPABAABwBtADUAMAAwAHMAcwBkABIAQlVzZXJzL2pkc2FudC9Eb2N1bWVudHMvUGFwZXJzL0FTQVJlcXVpcmVtZW50UmV2aWV3X1YyX1RyYWNrT2ZmLnBkZgATAAEvAAAVAAIADf//AACABtIbHB0eWiRjbGFzc25hbWVYJGNsYXNzZXNdTlNNdXRhYmxlRGF0YaMdHyBWTlNEYXRhWE5TT2JqZWN00hscIiNcTlNEaWN0aW9uYXJ5oiIgXxAPTlNLZXllZEFyY2hpdmVy0SYnVHJvb3SAAQAIABEAGgAjAC0AMgA3AEAARgBNAFUAYABnAGoAbABuAHEAcwB1AHcAhACOAMIAxwDPAqUCpwKsArcCwALOAtIC2QLiAucC9AL3AwkDDAMRAAAAAAAAAgEAAAAAAAAAKAAAAAAAAAAAAAAAAAAAAxM=}}

@article{2012ExA....34..623S,
	Adsnote = {Provided by the SAO/NASA Astrophysics Data System},
	Adsurl = {http://adsabs.harvard.edu/abs/2012ExA....34..623S},
	Archiveprefix = {arXiv},
	Author = {{Santander-Vela}, {J. D.} and {Garc{\'\i}a}, E. and {Leon}, S. and {Espigares}, V. and {Ruiz}, J.~E. and {Verdes-Montenegro}, L. and {Solano}, E.},
	Date-Added = {2013-09-05 19:28:48 +0000},
	Date-Modified = {2013-09-05 19:28:48 +0000},
	Doi = {10.1007/s10686-012-9302-5},
	Eprint = {1205.2562},
	Journal = {Experimental Astronomy},
	Keywords = {Astronomical databases: miscellaneous, Virtual observatory tools, RADAMS, radio astronomy, data modelling},
	Month = nov,
	Number = {3},
	Pages = {623-652},
	Primaryclass = {astro-ph.IM},
	Title = {{Building a VO-compliant Radio Astronomical DAta Model for Single-dish radio telescopes (RADAMS)}},
	Volume = {34},
	Year = 2012,
	Bdsk-File-1 = {YnBsaXN0MDDUAQIDBAUGJCVYJHZlcnNpb25YJG9iamVjdHNZJGFyY2hpdmVyVCR0b3ASAAGGoKgHCBMUFRYaIVUkbnVsbNMJCgsMDxJXTlMua2V5c1pOUy5vYmplY3RzViRjbGFzc6INDoACgAOiEBGABIAFgAdccmVsYXRpdmVQYXRoWWFsaWFzRGF0YV8QMS4uLy4uL1BhcGVycy9SQURBTVMuMTAuMTAwN19zMTA2ODYtMDEyLTkzMDItNS5wZGbSFwsYGVdOUy5kYXRhTxEB0gAAAAAB0gACAAAHbTUwMHNzZAAAAAAAAAAAAAAAAAAAAAAAAAAAyQIlOUgrAAAAC5EXH1JBREFNUy4xMC4xMDA3X3MxMDYjMTE0Qzc2Qi5wZGYAAAAAAAAAAAAAAAAAAAAAAAAAAAAAAAAAAAAAAAAAAAEUx2vL9Gp2AAAAAAAAAAAAAgACAAAJIAAAAAAAAAAAAAAAAAAAAAZQYXBlcnMAEAAIAADJAk9pAAAAEQAIAADL9KK2AAAAAQAQAAuRFwAJqNwAAye2AALzVgACAEltNTAwc3NkOlVzZXJzOgBqZHNhbnQ6AERvY3VtZW50czoAUGFwZXJzOgBSQURBTVMuMTAuMTAwN19zMTA2IzExNEM3NkIucGRmAAAOAEoAJABSAEEARABBAE0AUwAuADEAMAAuADEAMAAwADcAXwBzADEAMAA2ADgANgAtADAAMQAyAC0AOQAzADAAMgAtADUALgBwAGQAZgAPABAABwBtADUAMAAwAHMAcwBkABIAQlVzZXJzL2pkc2FudC9Eb2N1bWVudHMvUGFwZXJzL1JBREFNUy4xMC4xMDA3X3MxMDY4Ni0wMTItOTMwMi01LnBkZgATAAEvAAAVAAIADf//AACABtIbHB0eWiRjbGFzc25hbWVYJGNsYXNzZXNdTlNNdXRhYmxlRGF0YaMdHyBWTlNEYXRhWE5TT2JqZWN00hscIiNcTlNEaWN0aW9uYXJ5oiIgXxAPTlNLZXllZEFyY2hpdmVy0SYnVHJvb3SAAQAIABEAGgAjAC0AMgA3AEAARgBNAFUAYABnAGoAbABuAHEAcwB1AHcAhACOAMIAxwDPAqUCpwKsArcCwALOAtIC2QLiAucC9AL3AwkDDAMRAAAAAAAAAgEAAAAAAAAAKAAAAAAAAAAAAAAAAAAAAxM=},
	Bdsk-Url-1 = {http://adsabs.harvard.edu/abs/2012ExA....34..623S},
	Bdsk-Url-2 = {http://dx.doi.org/10.1007/s10686-012-9302-5},
	Bdsk-Url-3 = {http://es.arxiv.org/abs/1205.2562}}

@book{Silberschatz_01,
	Author = {Abraham Silberschatz et al.},
	Booktitle = {{Database System Concepts}},
	Date-Modified = {2013-09-05 19:46:22 +0000},
	Edition = {Sixth},
	Publisher = {McGraw-Hill},
	Title = {{Database System Concepts}},
	Year = 2010}

@book{Chodorow10,
	Author = {Kristina Chodorow},
	Booktitle = {{MongoDB: The Definitive Guide}},
	Date-Modified = {2013-09-05 19:46:22 +0000},
	Publisher = {O'Reilly},
	Title = {{MongoDB: The Definitive Guide}},
	Year = 2010}

@book{Chodorow11,
	Author = {Kristina Chodorow},
	Publisher = {O'Reilly},
	Title = {50 Tips and Tricks for MongoDB Developers},
	Year = 2011}

@electronic{MongoWeb,
	Author = {10gen},
	Date-Modified = {2013-09-05 19:48:07 +0000},
	Howpublished = {\texttt{http://docs.mongodb.org/manual/}},
	Publisher = {Inc 10gen},
	Title = {{The MongoDB 2.4 Manual}},
	Year = {2011-2013}}

@webpage{SKA_01,
	Author = {{IBM Research}},
	Date-Modified = {2013-09-05 20:05:54 +0000},
	Howpublished = {\texttt{http://asmarterplanet.com/blog/2013/03/the-square-kilometer-array-the-world\%E2\%80\%99s-ultimate-big-data-challenge.html}},
	Publisher = {IBM},
	Title = {{The Square Kilometre Array: The World's Ultimate Big Data Challenge}},
	Url = {http://asmarterplanet.com/blog/2013/03/the-square-kilometer-array-the-world%E2%80%99s-ultimate-big-data-challenge.html},
	Year = {2013},
	Bdsk-Url-1 = {http://asmarterplanet.com/blog/2013/03/the-square-kilometer-array-the-world%E2%80%99s-ultimate-big-data-challenge.html}}

@article{Nat_01,
	Author = {{Special issue}},
	Date-Modified = {2013-09-05 19:41:20 +0000},
	Journal = {Nature},
	Month = {September},
	Number = {7209},
	Pages = {1--136},
	Publisher = {Nature},
	Title = {Big data: science in the petabyte era},
	Volume = {455},
	Year = {2008}}

@webpage{SKA_02,
	Author = {SKA Organisation},
	Date-Modified = {2013-09-05 19:50:02 +0000},
	Howpublished = {\texttt{http://www.skatelescope.org/news/pawsey-centre/}},
	Month = {July},
	Publisher = {SKA Organisation},
	Title = {{The age of astronomy Big Data is already here}},
	Url = {http://www.skatelescope.org/news/pawsey-centre/},
	Year = {2013},
	Bdsk-Url-1 = {http://www.skatelescope.org/news/pawsey-centre/}}

@misc{Rich_01,
	Author = {John Richer},
	Howpublished = {\url{http://thames.cs.rhul.ac.uk/~fionn/astro-grid-papers/john-richer.pdf}},
	Note = {[Online; accessed 22-November-2012]},
	Publisher = {Cavendish Lab},
	Title = {ALMA, Synthesis Imaging and the Astro-Grid},
	Year = {2001}}

@webpage{Swin_01,
	Author = {Centre for Astrophysics and Supercomputing},
	Date-Modified = {2013-09-05 20:06:45 +0000},
	Howpublished = {\texttt{http://astronomy.swin.edu.au/scivis/}},
	Publisher = {Swinburne University of Technology},
	Title = {{Scientific Computing and Visualisation}},
	Url = {http://astronomy.swin.edu.au/scivis/},
	Year = {2013},
	Bdsk-Url-1 = {http://astronomy.swin.edu.au/scivis/}}

@techreport{Swin_02,
	Author = {{Silicon Graphics International}},
	Date-Modified = {2013-09-05 20:07:24 +0000},
	Howpublished = {\url{http://www.sgi.com/pdfs/4401.pdf}},
	Institution = {{Centre for Astrophysics and Supercomputing}},
	Note = {\texttt{http://www.sgi.com/pdfs/4401.pdf}},
	Publisher = {Swinburne University of Technology},
	Rating = {2},
	Title = {{Accelerating Astrophysics Research with GPU Supercomputing}},
	Url = {http://www.sgi.com/pdfs/4401.pdf},
	Year = {2013},
	Bdsk-Url-1 = {http://www.sgi.com/pdfs/4401.pdf}}

@book{Micro_01,
	Booktitle = {{The Fourth Paradigm. Data-Intensive Scientific Discovery}},
	Date-Modified = {2013-09-05 19:45:22 +0000},
	Editor = {Tony Hey and Stewart Tansley and Kristin Tolle},
	Howpublished = {\url{http://research.microsoft.com/en-us/collaboration/fourthparadigm}},
	Publisher = {Microsoft Corporation},
	Title = {{The Fourth Paradigm. Data-Intensive Scientific Discovery}},
	Year = {2009},
	Bdsk-Url-1 = {http://research.microsoft.com/en-us/collaboration/fourthparadigm}}

@webpage{SSG_01,
	Author = {Survey Science Group},
	Date-Modified = {2013-09-05 20:07:47 +0000},
	Lastchecked = {7-July-2013},
	Note = {\texttt{http://ssg.astro.washington.edu/clue.shtml?clue/CluE1}},
	Publisher = {University of Washington Astronomy},
	Title = {{Putting Astronomy's Head in the Cloud}},
	Url = {http://ssg.astro.washington.edu/clue.shtml?clue/CluE1},
	Bdsk-Url-1 = {http://ssg.astro.washington.edu/clue.shtml?clue/CluE1}}
